<?xml version="1.0" encoding="UTF-8"?><record xmlns="http://www.loc.gov/MARC21/slim" xmlns:cinclude="http://apache.org/cocoon/include/1.0" xmlns:zs="http://www.loc.gov/zing/srw/">
  <leader>00662cz  a2200157n  4500</leader>
  <controlfield tag="001">n  82064610 </controlfield>
  <controlfield tag="003">DLC</controlfield>
  <controlfield tag="005">19991005093741.0</controlfield>
  <controlfield tag="008">820510n| acannaab           |a aaa      </controlfield>
  <datafield tag="010" ind1=" " ind2=" ">
    <subfield code="a">n  82064610 </subfield>
  </datafield>
  <datafield tag="040" ind1=" " ind2=" ">
    <subfield code="a">DLC</subfield>
    <subfield code="c">DLC</subfield>
    <subfield code="d">DLC</subfield>
  </datafield>
  <datafield tag="100" ind1="1" ind2="0">
    <subfield code="a">Ammon, G. A.</subfield>
  </datafield>
  <datafield tag="400" ind1="1" ind2="0">
    <subfield code="a">Ammon, Georgiĭ Alekseevich</subfield>
  </datafield>
  <datafield tag="670" ind1=" " ind2=" ">
    <subfield code="a">The Soviet Navy in war and peace, c1981 (a.e.)</subfield>
    <subfield code="b">t.p. verso (G. A. Ammon)</subfield>
  </datafield>
  <datafield tag="670" ind1=" " ind2=" ">
    <subfield code="a">Geroicheskie korabli rossiĭskogo i sovetskogo Voenno-Morskogo Flota, 1981:</subfield>
    <subfield code="b">verso t.p. (kandidat istoricheskikh nauk, kapitan l ranga G. A. Ammon) colophon (Georgiĭ Alekseevich Ammon)</subfield>
  </datafield>
  <datafield tag="670" ind1=" " ind2=" ">
    <subfield code="a">Rossii︠a︡ na grani vekov, 1999- :</subfield>
    <subfield code="b">v. 1, t.p. (G.A. Ammona; obit.)</subfield>
  </datafield>
</record>